
@misc{now:18,
    Author = {Mark Davies},
    Howpublished = {\url{corpus.byu.edu/now/}, Brigham Young University},
    Title = {News on the Web (NOW)},
    Year = {2018}
    }

@misc{bbc:18,
	Author = {BBC~News},
	Howpublished = {\url{www.bbc.com/news/world-africa-13949550}},
	Title = {Nigeria country profile},
	Year = {2018}}

@misc{Wal:09,
	Author = {Hanna~M. Wallach and David Mimno and Andrew McCallum},
	Date-Added = {2018-12-15 14:14:06 +0100},
	Date-Modified = {2018-12-15 14:14:43 +0100},
	Howpublished = {Department of Computer Science, University of Massachusetts Amherst},
	Title = {Rethinking LDA: Why Priors Matter},
	Year = {2009}}

@misc{Cha:09,
	Author = {Jonathan Chang and Jordan Boyd-Graber and Sean Gerrish and Chong Wang and David M. Blei},
	Date-Added = {2018-12-15 14:09:54 +0100},
	Date-Modified = {2018-12-15 14:11:30 +0100},
	Howpublished = {Department of Computer Science, Princeton University},
	Title = {Reading Tea Leaves: How Humans Interpret Topic Models},
	Year = {2009}}

@misc{Wik:09,
	Date-Added = {2018-12-15 14:08:23 +0100},
	Date-Modified = {2018-12-15 14:09:30 +0100},
	Howpublished = {\url{commons.wikimedia.org/wiki/File:Smoothed\_LDA.png}},
	Title = {Plate notation for LDA with Dirichlet-distributed topic-word distributions},
	Year = {2009}}

@misc{Gri:04,
    Author = {Thomas L. Griffiths and Mark Steyvers},
    Title = {Finding scientific topics},
    Howpublished = {Department of Psychology, Stanford University},
    
    Year = {2004}}